@article{wang2009translational,
  title={Translational integrity and continuity: personalized biomedical data integration},
  author={Wang, Xiaoming and Liu, Lili and Fackenthal, James and Cummings, Shelly and Olopade, Oluwatobi I and Hope, Kisha and Silverstein, Jonathan C and Olopade, Olufunmilayo I},
  journal={Journal of biomedical informatics},
  volume={42},
  number={1},
  pages={100--112},
  year={2009},
  publisher={Elsevier}
}

@article{smith2007obo,
  title={The OBO Foundry: coordinated evolution of ontologies to support biomedical data integration},
  author={Smith, Barry and Ashburner, Michael and Rosse, Cornelius and Bard, Jonathan and Bug, William and Ceusters, Werner and Goldberg, Louis J and Eilbeck, Karen and Ireland, Amelia and Mungall, Christopher J and others},
  journal={Nature biotechnology},
  volume={25},
  number={11},
  pages={1251--1255},
  year={2007},
  publisher={Nature publishing group}
}

@inproceedings{calvanese2003semantic,
  title={Semantic data integration in P2P systems},
  author={Calvanese, Diego and Damaggio, Elio and De Giacomo, Giuseppe and Lenzerini, Maurizio and Rosati, Riccardo},
  booktitle={International Workshop on Databases, Information Systems, and Peer-to-Peer Computing},
  pages={77--90},
  year={2003},
  organization={Springer}
}

@techreport{shvaiko2006openknowledge,
  title={OpenKnowledge Deliverable 3.1.: Dynamic ontology matching: a survey},
  author={Shvaiko, Pavel and Giunchiglia, Fausto and Schorlemmer, Marco and McNeill, Fiona and Bundy, Alan and Marchese, Maurizio and Yatskevich, Mikalai and Zaihrayeu, Ilya and Ho, Bo and Lopez, Vanessa and others},
  year={2006},
  institution={University of Trento}
}

@book{shvaiko2007ontology,
  title={Ontology Matching.},
  author={Shvaiko, Pavel and Euzenat, J{\'e}r{\^o}me},
  year={2007},
  publisher={Citeseer}
}

@article{shvaiko2011ontology,
  title={Ontology matching: state of the art and future challenges},
  author={Shvaiko, Pavel and Euzenat, J{\'e}r{\^o}me},
  journal={IEEE Transactions on knowledge and data engineering},
  volume={25},
  number={1},
  pages={158--176},
  year={2011},
  publisher={IEEE}
}

@article{batini1986comparative,
  title={A comparative analysis of methodologies for database schema integration},
  author={Batini, Carlo and Lenzerini, Maurizio and Navathe, Shamkant B.},
  journal={ACM computing surveys (CSUR)},
  volume={18},
  number={4},
  pages={323--364},
  year={1986},
  publisher={ACM New York, NY, USA}
}

@article{horrocks2003shiq,
  title={From SHIQ and RDF to OWL: The making of a web ontology language},
  author={Horrocks, Ian and Patel-Schneider, Peter F and Van Harmelen, Frank},
  journal={Journal of web semantics},
  volume={1},
  number={1},
  pages={7--26},
  year={2003},
  publisher={Elsevier}
}

@book{baader2017introduction,
  title={Introduction to description logic},
  author={Baader, Franz and Horrocks, Ian and Lutz, Carsten and Sattler, Uli},
  year={2017},
  publisher={Cambridge University Press}
}

@article{doan2005semantic,
  title={Semantic integration research in the database community: A brief survey},
  author={Doan, AnHai and Halevy, Alon Y},
  journal={AI magazine},
  volume={26},
  number={1},
  pages={83--83},
  year={2005}
}

@book{doan2012principles,
  title={Principles of data integration},
  author={Doan, AnHai and Halevy, Alon and Ives, Zachary},
  year={2012},
  publisher={Elsevier}
}

@inproceedings{wache2001ontology,
  title={Ontology-Based Integration of Information-A Survey of Existing Approaches.},
  author={Wache, Holger and Voegele, Thomas and Visser, Ubbo and Stuckenschmidt, Heiner and Schuster, Gerhard and Neumann, Holger and H{\"u}bner, Sebastian},
  booktitle={Ois@ ijcai},
  year={2001}
}

@inproceedings{polleres2007sparql,
  title={From SPARQL to rules (and back)},
  author={Polleres, Axel},
  booktitle={Proceedings of the 16th international conference on World Wide Web},
  pages={787--796},
  year={2007}
}

@article{shadbolt2006semantic,
  title={The semantic web revisited},
  author={Shadbolt, Nigel and Berners-Lee, Tim and Hall, Wendy},
  journal={IEEE intelligent systems},
  volume={21},
  number={3},
  pages={96--101},
  year={2006},
  publisher={IEEE}
}

@article{vaishnavi2005semantic,
  title={Semantic Heterogeneity: Problem and Solution Frameworks},
  author={Vaishnavi, VK and Vandenberg, A and Zheng, G and Singh, RG},
  journal={Computing Letters},
  volume={1},
  number={2},
  pages={75--82},
  year={2005},
  publisher={VSP}
}

@inproceedings{cruz2012interactive,
  title={Interactive user feedback in ontology matching using signature vectors},
  author={Cruz, Isabel F and Stroe, Cosmin and Palmonari, Matteo},
  booktitle={2012 IEEE 28th International Conference on Data Engineering},
  pages={1321--1324},
  year={2012},
  organization={IEEE}
}
