@article{DBLP:journals/jbi/WangLFCOHSO09,
  author    = {Xiaoming Wang and
               Lili Liu and
               James Fackenthal and
               Shelly Cummings and
               Oluwatobi I. Olopade and
               Kisha Hope and
               Jonathan C. Silverstein and
               Olufunmilayo I. Olopade},
  title     = {Translational integrity and continuity: Personalized biomedical data
               integration},
  journal   = {J. Biomed. Informatics},
  volume    = {42},
  number    = {1},
  pages     = {100--112},
  year      = {2009},
  url       = {https://doi.org/10.1016/j.jbi.2008.08.002},
  doi       = {10.1016/j.jbi.2008.08.002},
  timestamp = {Fri, 21 Feb 2020 15:46:29 +0100},
  biburl    = {https://dblp.org/rec/journals/jbi/WangLFCOHSO09.bib},
  bibsource = {dblp computer science bibliography, https://dblp.org}
}

@inproceedings{DBLP:conf/dbisp2p/CalvaneseDGLR03,
  author    = {Diego Calvanese and
               Elio Damaggio and
               Giuseppe De Giacomo and
               Maurizio Lenzerini and
               Riccardo Rosati},
  editor    = {Karl Aberer and
               Vana Kalogeraki and
               Manolis Koubarakis},
  title     = {Semantic Data Integration in {P2P} Systems},
  booktitle = {Databases, Information Systems, and Peer-to-Peer Computing, First
               International Workshop, DBISP2P, Berlin Germany, September 7-8, 2003,
               Revised Papers},
  series    = {Lecture Notes in Computer Science},
  volume    = {2944},
  pages     = {77--90},
  publisher = {Springer},
  year      = {2003},
  url       = {https://doi.org/10.1007/978-3-540-24629-9\_7},
  doi       = {10.1007/978-3-540-24629-9\_7},
  timestamp = {Tue, 14 May 2019 10:00:44 +0200},
  biburl    = {https://dblp.org/rec/conf/dbisp2p/CalvaneseDGLR03.bib},
  bibsource = {dblp computer science bibliography, https://dblp.org}
}

@book{euzenat2013d,
  author    = {J\'er\^ome Euzenat and Pavel Shvaiko},
  title     = {Ontology matching},
  edition   = {2nd},
  language  = {english},
  page      = 520,
  publisher = {Springer-Verlag},
  address   = {Heidelberg (DE)},
  year      = 2013,
  url       = {http://book.ontologymatching.org},
  isbn      = {978-3-642-38720-3}
}

@article{DBLP:journals/expert/ShadboltBH06,
  author    = {Nigel Shadbolt and
               Tim Berners{-}Lee and
               Wendy Hall},
  title     = {The Semantic Web Revisited},
  journal   = {{IEEE} Intell. Syst.},
  volume    = {21},
  number    = {3},
  pages     = {96--101},
  year      = {2006},
  url       = {https://doi.org/10.1109/MIS.2006.62},
  doi       = {10.1109/MIS.2006.62},
  timestamp = {Fri, 06 Mar 2020 22:01:31 +0100},
  biburl    = {https://dblp.org/rec/journals/expert/ShadboltBH06.bib},
  bibsource = {dblp computer science bibliography, https://dblp.org}
}

@article{DBLP:journals/rfc/rfc3986,
  author    = {Tim Berners{-}Lee and
               Roy T. Fielding and
               Larry Masinter},
  title     = {Uniform Resource Identifier {(URI):} Generic Syntax},
  journal   = {{RFC}},
  volume    = {3986},
  pages     = {1--61},
  year      = {2005},
  url       = {https://doi.org/10.17487/RFC3986},
  doi       = {10.17487/RFC3986},
  timestamp = {Tue, 14 May 2019 10:01:40 +0200},
  biburl    = {https://dblp.org/rec/journals/rfc/rfc3986.bib},
  bibsource = {dblp computer science bibliography, https://dblp.org}
}

@article{DBLP:journals/rfc/rfc7540,
  author    = {Mike Belshe and
               Roberto Peon and
               Martin Thomson},
  title     = {Hypertext Transfer Protocol Version 2 {(HTTP/2)}},
  journal   = {{RFC}},
  volume    = {7540},
  pages     = {1--96},
  year      = {2015},
  url       = {https://doi.org/10.17487/RFC7540},
  doi       = {10.17487/RFC7540},
  timestamp = {Tue, 14 May 2019 10:02:59 +0200},
  biburl    = {https://dblp.org/rec/journals/rfc/rfc7540.bib},
  bibsource = {dblp computer science bibliography, https://dblp.org}
}

@article{DBLP:journals/ijswis/BizerHB09,
  author    = {Christian Bizer and
               Tom Heath and
               Tim Berners{-}Lee},
  title     = {Linked Data - The Story So Far},
  journal   = {Int. J. Semantic Web Inf. Syst.},
  volume    = {5},
  number    = {3},
  pages     = {1--22},
  year      = {2009},
  url       = {https://doi.org/10.4018/jswis.2009081901},
  doi       = {10.4018/jswis.2009081901},
  timestamp = {Fri, 30 Nov 2018 13:25:55 +0100},
  biburl    = {https://dblp.org/rec/journals/ijswis/BizerHB09.bib},
  bibsource = {dblp computer science bibliography, https://dblp.org}
}

@article{DBLP:journals/tods/PerezAG09,
  author    = {Jorge P{\'{e}}rez and
               Marcelo Arenas and
               Claudio Guti{\'{e}}rrez},
  title     = {Semantics and complexity of {SPARQL}},
  journal   = {{ACM} Trans. Database Syst.},
  volume    = {34},
  number    = {3},
  pages     = {16:1--16:45},
  year      = {2009},
  url       = {https://doi.org/10.1145/1567274.1567278},
  doi       = {10.1145/1567274.1567278},
  timestamp = {Tue, 06 Nov 2018 12:51:47 +0100},
  biburl    = {https://dblp.org/rec/journals/tods/PerezAG09.bib},
  bibsource = {dblp computer science bibliography, https://dblp.org}
}

@article{DBLP:journals/entcs/MeiB06,
  author    = {Jing Mei and
               Harold Boley},
  title     = {Interpreting {SWRL} Rules in {RDF} Graphs},
  journal   = {Electron. Notes Theor. Comput. Sci.},
  volume    = {151},
  number    = {2},
  pages     = {53--69},
  year      = {2006},
  url       = {https://doi.org/10.1016/j.entcs.2005.07.036},
  doi       = {10.1016/j.entcs.2005.07.036},
  timestamp = {Mon, 24 Feb 2020 11:40:07 +0100},
  biburl    = {https://dblp.org/rec/journals/entcs/MeiB06.bib},
  bibsource = {dblp computer science bibliography, https://dblp.org}
}

@inproceedings{DBLP:conf/gil/NafissiBF18,
  author    = {Anahita Nafissi and
               Benjamin Bruns and
               Fabio Fiorani},
  editor    = {Arno Ruckelshausen and
               Andreas Meyer{-}Aurich and
               Karsten Borchard and
               Constanze Hofacker and
               Jens{-}Peter Loy and
               Rolf Schwerdtfeger and
               Hans{-}Henning Sundermeier and
               Helga Floto and
               Brigitte Theuvsen},
  title     = {Ontologies for resolving semantic heterogeneity in information integration
               among plant phenomics databases},
  booktitle = {Informatik in der Land-, Forst- und Ern{\"{a}}hrungswirtschaft,
               Fokus: Digitale Marktpl{\"{a}}tze und Plattformen, Referate der
               38. GIL-Jahrestagung, 26.-27. Februar 2018, Kiel, Germany},
  series    = {{LNI}},
  volume    = {{P-278}},
  pages     = {167--170},
  publisher = {{GI}},
  year      = {2018},
  url       = {https://dl.gi.de/20.500.12116/23148},
  timestamp = {Mon, 18 Nov 2019 20:16:34 +0100},
  biburl    = {https://dblp.org/rec/conf/gil/NafissiBF18.bib},
  bibsource = {dblp computer science bibliography, https://dblp.org}
}

@book{DBLP:books/daglib/0041477,
  author    = {Franz Baader and
               Ian Horrocks and
               Carsten Lutz and
               Ulrike Sattler},
  title     = {An Introduction to Description Logic},
  publisher = {Cambridge University Press},
  year      = {2017},
  url       = {http://www.cambridge.org/de/academic/subjects/computer-science/knowledge-management-databases-and-data-mining/introduction-description-logic?format=PB\#17zVGeWD2TZUeu6s.97},
  isbn      = {978-0-521-69542-8},
  timestamp = {Tue, 26 Sep 2017 14:33:47 +0200},
  biburl    = {https://dblp.org/rec/books/daglib/0041477.bib},
  bibsource = {dblp computer science bibliography, https://dblp.org}
}

@article{DBLP:journals/cacm/Horrocks08,
  author    = {Ian Horrocks},
  title     = {Ontologies and the semantic web},
  journal   = {Commun. {ACM}},
  volume    = {51},
  number    = {12},
  pages     = {58--67},
  year      = {2008},
  url       = {https://doi.org/10.1145/1409360.1409377},
  doi       = {10.1145/1409360.1409377},
  timestamp = {Wed, 14 Nov 2018 10:22:36 +0100},
  biburl    = {https://dblp.org/rec/journals/cacm/Horrocks08.bib},
  bibsource = {dblp computer science bibliography, https://dblp.org}
}

@incollection{DBLP:conf/boemie/CastanoFMV11,
  author    = {Silvana Castano and
               Alfio Ferrara and
               Stefano Montanelli and
               Gaia Varese},
  editor    = {Georgios Paliouras and
               Constantine D. Spyropoulos and
               George Tsatsaronis},
  title     = {Ontology and Instance Matching},
  booktitle = {Knowledge-Driven Multimedia Information Extraction and Ontology Evolution
               - Bridging the Semantic Gap},
  series    = {Lecture Notes in Computer Science},
  volume    = {6050},
  pages     = {167--195},
  publisher = {Springer},
  year      = {2011},
  url       = {https://doi.org/10.1007/978-3-642-20795-2\_7},
  doi       = {10.1007/978-3-642-20795-2\_7},
  timestamp = {Wed, 03 Jun 2020 15:41:46 +0200},
  biburl    = {https://dblp.org/rec/conf/boemie/CastanoFMV11.bib},
  bibsource = {dblp computer science bibliography, https://dblp.org}
}

@inproceedings{DBLP:conf/scdm/AbubakarHMA18,
  author    = {Mansir Abubakar and
               Hazlina Hamdan and
               Norwati Mustapha and
               Teh Noranis Mohd Aris},
  editor    = {Rozaida Ghazali and
               Mustafa Mat Deris and
               Nazri Mohd Nawi and
               Jemal H. Abawajy},
  title     = {Instance-Based Ontology Matching: {A} Literature Review},
  booktitle = {Recent Advances on Soft Computing and Data Mining - Proceedings of
               the Third International Conference on Soft Computing and Data Mining
               {(SCDM} 2018), Johor, Malaysia, February 06-07, 2018},
  series    = {Advances in Intelligent Systems and Computing},
  volume    = {700},
  pages     = {455--469},
  publisher = {Springer},
  year      = {2018},
  url       = {https://doi.org/10.1007/978-3-319-72550-5\_44},
  doi       = {10.1007/978-3-319-72550-5\_44},
  timestamp = {Wed, 17 Jan 2018 16:07:46 +0100},
  biburl    = {https://dblp.org/rec/conf/scdm/AbubakarHMA18.bib},
  bibsource = {dblp computer science bibliography, https://dblp.org}
}

@book{DBLP:conf/swb/Ehrig2007,
  author    = {Marc Ehrig},
  title     = {Ontology Alignment: Bridging the Semantic Gap},
  series    = {Semantic Web and Beyond: Computing for Human Experience},
  volume    = {4},
  publisher = {Springer},
  year      = {2007},
  url       = {https://doi.org/10.1007/978-0-387-36501-5},
  doi       = {10.1007/978-0-387-36501-5},
  isbn      = {978-0-387-36501-5},
  timestamp = {Wed, 31 May 2017 16:01:53 +0200},
  biburl    = {https://dblp.org/rec/conf/swb/Ehrig2007.bib},
  bibsource = {dblp computer science bibliography, https://dblp.org}
}

@inproceedings{DBLP:conf/icde/MadhavanBDH05,
  author    = {Jayant Madhavan and
               Philip A. Bernstein and
               AnHai Doan and
               Alon Y. Halevy},
  editor    = {Karl Aberer and
               Michael J. Franklin and
               Shojiro Nishio},
  title     = {Corpus-based Schema Matching},
  booktitle = {Proceedings of the 21st International Conference on Data Engineering,
               {ICDE} 2005, 5-8 April 2005, Tokyo, Japan},
  pages     = {57--68},
  publisher = {{IEEE} Computer Society},
  year      = {2005},
  url       = {https://doi.org/10.1109/ICDE.2005.39},
  doi       = {10.1109/ICDE.2005.39},
  timestamp = {Wed, 16 Oct 2019 14:14:56 +0200},
  biburl    = {https://dblp.org/rec/conf/icde/MadhavanBDH05.bib},
  bibsource = {dblp computer science bibliography, https://dblp.org}
}

@inproceedings{DBLP:conf/ic3k/Nguyen015,
  author    = {Thi Thuy Anh Nguyen and
               Stefan Conrad},
  editor    = {Ana L. N. Fred and
               Jan L. G. Dietz and
               David Aveiro and
               Kecheng Liu and
               Joaquim Filipe},
  title     = {Ontology Matching using Multiple Similarity Measures},
  booktitle = {{KDIR} 2015 - Proceedings of the International Conference on Knowledge
               Discovery and Information Retrieval, part of the 7th International
               Joint Conference on Knowledge Discovery, Knowledge Engineering and
               Knowledge Management {(IC3K} 2015), Volume 1, Lisbon, Portugal, November
               12-14, 2015},
  pages     = {603--611},
  publisher = {SciTePress},
  year      = {2015},
  url       = {https://doi.org/10.5220/0005615606030611},
  doi       = {10.5220/0005615606030611},
  timestamp = {Wed, 16 Oct 2019 14:14:56 +0200},
  biburl    = {https://dblp.org/rec/conf/ic3k/Nguyen015.bib},
  bibsource = {dblp computer science bibliography, https://dblp.org}
}

@article{DBLP:journals/corr/BhattiWIHS14,
  author    = {Zeeshan Bhatti and
               Ahmad Waqas and
               Imdad Ali Ismaili and
               Dil Nawaz Hakro and
               Waseem Javaid Soomro},
  title     = {Phonetic based SoundEx {\&} ShapeEx algorithm for Sindhi Spell
               Checker System},
  journal   = {CoRR},
  volume    = {abs/1405.3033},
  year      = {2014},
  url       = {http://arxiv.org/abs/1405.3033},
  archivePrefix = {arXiv},
  eprint    = {1405.3033},
  timestamp = {Mon, 13 Aug 2018 16:45:57 +0200},
  biburl    = {https://dblp.org/rec/journals/corr/BhattiWIHS14.bib},
  bibsource = {dblp computer science bibliography, https://dblp.org}
}

@inproceedings{DBLP:conf/ieaaie/AssiMD19,
  author    = {Ali Assi and
               Hamid Mcheick and
               Wajdi Dhifli},
  editor    = {Franz Wotawa and
               Gerhard Friedrich and
               Ingo Pill and
               Roxane Koitz{-}Hristov and
               Moonis Ali},
  title     = {Context-Aware Instance Matching Through Graph Embedding in Lexical
               Semantic Space},
  booktitle = {Advances and Trends in Artificial Intelligence. From Theory to Practice
               - 32nd International Conference on Industrial, Engineering and Other
               Applications of Applied Intelligent Systems, {IEA/AIE} 2019, Graz,
               Austria, July 9-11, 2019, Proceedings},
  series    = {Lecture Notes in Computer Science},
  volume    = {11606},
  pages     = {422--433},
  publisher = {Springer},
  year      = {2019},
  url       = {https://doi.org/10.1007/978-3-030-22999-3\_37},
  doi       = {10.1007/978-3-030-22999-3\_37},
  timestamp = {Sun, 12 Jan 2020 18:53:28 +0100},
  biburl    = {https://dblp.org/rec/conf/ieaaie/AssiMD19.bib},
  bibsource = {dblp computer science bibliography, https://dblp.org}
}

@inproceedings{DBLP:conf/kdd/JehW02,
  author    = {Glen Jeh and
               Jennifer Widom},
  title     = {SimRank: a measure of structural-context similarity},
  booktitle = {Proceedings of the Eighth {ACM} {SIGKDD} International Conference
               on Knowledge Discovery and Data Mining, July 23-26, 2002, Edmonton,
               Alberta, Canada},
  pages     = {538--543},
  publisher = {{ACM}},
  year      = {2002},
  url       = {https://doi.org/10.1145/775047.775126},
  doi       = {10.1145/775047.775126},
  timestamp = {Tue, 06 Nov 2018 16:59:36 +0100},
  biburl    = {https://dblp.org/rec/conf/kdd/JehW02.bib},
  bibsource = {dblp computer science bibliography, https://dblp.org}
}

@article{balaji2012waterfall,
  title={Waterfall vs. V-Model vs. Agile: A comparative study on SDLC},
  author={Balaji, S and Murugaiyan, M Sundararajan},
  journal={International Journal of Information Technology and Business Management},
  volume={2},
  number={1},
  pages={26--30},
  year={2012}
}

@inproceedings{DBLP:conf/ispw/NikitinaKS12,
  author    = {Natalja Nikitina and
               Mira Kajko{-}Mattsson and
               Magnus Strale},
  editor    = {D. Ross Jeffery and
               David Raffo and
               Ove Armbrust and
               LiGuo Huang},
  title     = {From scrum to scrumban: {A} case study of a process transition},
  booktitle = {2012 International Conference on Software and System Process, {ICSSP}
               2012, Zurich, Switzerland, June 2-3, 2012},
  pages     = {140--149},
  publisher = {{IEEE} Computer Society},
  year      = {2012},
  url       = {https://doi.org/10.1109/ICSSP.2012.6225959},
  doi       = {10.1109/ICSSP.2012.6225959},
  timestamp = {Wed, 16 Oct 2019 14:14:51 +0200},
  biburl    = {https://dblp.org/rec/conf/ispw/NikitinaKS12.bib},
  bibsource = {dblp computer science bibliography, https://dblp.org}
}

@article{DBLP:journals/aimatters/Musen15,
  author    = {Mark A. Musen},
  title     = {The prot{\'{e}}g{\'{e}} project: a look back and a look
               forward},
  journal   = {{AI} Matters},
  volume    = {1},
  number    = {4},
  pages     = {4--12},
  year      = {2015},
  url       = {https://doi.org/10.1145/2757001.2757003},
  doi       = {10.1145/2757001.2757003},
  timestamp = {Wed, 14 Nov 2018 10:27:16 +0100},
  biburl    = {https://dblp.org/rec/journals/aimatters/Musen15.bib},
  bibsource = {dblp computer science bibliography, https://dblp.org}
}

@inproceedings{DBLP:conf/iv/LanzenbergerS06,
  author    = {Monika Lanzenberger and
               Jennifer Sampson},
  title     = {AlViz - {A} Tool for Visual Ontology Alignment},
  booktitle = {10th International Conference on Information Visualisation, {IV} 2006,
               5-7 July 2006, London, {UK}},
  pages     = {430--440},
  publisher = {{IEEE} Computer Society},
  year      = {2006},
  url       = {https://doi.org/10.1109/IV.2006.18},
  doi       = {10.1109/IV.2006.18},
  timestamp = {Wed, 16 Oct 2019 14:14:53 +0200},
  biburl    = {https://dblp.org/rec/conf/iv/LanzenbergerS06.bib},
  bibsource = {dblp computer science bibliography, https://dblp.org}
}

@article{DBLP:journals/jar/GlimmHMSW14,
  author    = {Birte Glimm and
               Ian Horrocks and
               Boris Motik and
               Giorgos Stoilos and
               Zhe Wang},
  title     = {HermiT: An {OWL} 2 Reasoner},
  journal   = {J. Autom. Reason.},
  volume    = {53},
  number    = {3},
  pages     = {245--269},
  year      = {2014},
  url       = {https://doi.org/10.1007/s10817-014-9305-1},
  doi       = {10.1007/s10817-014-9305-1},
  timestamp = {Wed, 02 Sep 2020 13:29:45 +0200},
  biburl    = {https://dblp.org/rec/journals/jar/GlimmHMSW14.bib},
  bibsource = {dblp computer science bibliography, https://dblp.org}
}

@inproceedings{DBLP:conf/cade/TsarkovH06,
  author    = {Dmitry Tsarkov and
               Ian Horrocks},
  editor    = {Ulrich Furbach and
               Natarajan Shankar},
  title     = {FaCT++ Description Logic Reasoner: System Description},
  booktitle = {Automated Reasoning, Third International Joint Conference, {IJCAR}
               2006, Seattle, WA, USA, August 17-20, 2006, Proceedings},
  series    = {Lecture Notes in Computer Science},
  volume    = {4130},
  pages     = {292--297},
  publisher = {Springer},
  year      = {2006},
  url       = {https://doi.org/10.1007/11814771\_26},
  doi       = {10.1007/11814771\_26},
  timestamp = {Tue, 14 May 2019 10:00:39 +0200},
  biburl    = {https://dblp.org/rec/conf/cade/TsarkovH06.bib},
  bibsource = {dblp computer science bibliography, https://dblp.org}
}

@inproceedings{DBLP:conf/cicling/JordaoR12,
  author    = {Carlos C. Jord{\~{a}}o and
               Jo{\~{a}}o Lu{\'{\i}}s Garcia Rosa},
  editor    = {Alexander F. Gelbukh},
  title     = {Metaphone-pt{\_}BR: The Phonetic Importance on Search and Correction
               of Textual Information},
  booktitle = {Computational Linguistics and Intelligent Text Processing - 13th International
               Conference, CICLing 2012, New Delhi, India, March 11-17, 2012, Proceedings,
               Part {II}},
  series    = {Lecture Notes in Computer Science},
  volume    = {7182},
  pages     = {297--305},
  publisher = {Springer},
  year      = {2012},
  url       = {https://doi.org/10.1007/978-3-642-28601-8\_25},
  doi       = {10.1007/978-3-642-28601-8\_25},
  timestamp = {Tue, 14 May 2019 10:00:46 +0200},
  biburl    = {https://dblp.org/rec/conf/cicling/JordaoR12.bib},
  bibsource = {dblp computer science bibliography, https://dblp.org}
}

@article{DBLP:journals/algorithmica/FaroMP20,
  author    = {Simone Faro and
               Francesco Pio Marino and
               Arianna Pavone},
  title     = {Efficient Online String Matching Based on Characters Distance Text
               Sampling},
  journal   = {Algorithmica},
  volume    = {82},
  number    = {11},
  pages     = {3390--3412},
  year      = {2020},
  url       = {https://doi.org/10.1007/s00453-020-00732-4},
  doi       = {10.1007/s00453-020-00732-4},
  timestamp = {Sat, 14 Nov 2020 00:56:47 +0100},
  biburl    = {https://dblp.org/rec/journals/algorithmica/FaroMP20.bib},
  bibsource = {dblp computer science bibliography, https://dblp.org}
}

@article{DBLP:journals/corr/SekerAAM14,
  author    = {Sadi Evren Seker and
               Oguz Altun and
               Ugur Ayan and
               Cihan Mert},
  title     = {A Novel String Distance Function based on Most Frequent {K} Characters},
  journal   = {CoRR},
  volume    = {abs/1401.6596},
  year      = {2014},
  url       = {http://arxiv.org/abs/1401.6596},
  archivePrefix = {arXiv},
  eprint    = {1401.6596},
  timestamp = {Mon, 13 Aug 2018 16:49:01 +0200},
  biburl    = {https://dblp.org/rec/journals/corr/SekerAAM14.bib},
  bibsource = {dblp computer science bibliography, https://dblp.org}
}

@inproceedings{DBLP:conf/wea/KobayashiHYS20,
  author    = {Satoshi Kobayashi and
               Diptarama Hendrian and
               Ryo Yoshinaka and
               Ayumi Shinohara},
  editor    = {Simone Faro and
               Domenico Cantone},
  title     = {Fast and Linear-Time String Matching Algorithms Based on the Distances
               of q-Gram Occurrences},
  booktitle = {18th International Symposium on Experimental Algorithms, {SEA} 2020,
               June 16-18, 2020, Catania, Italy},
  series    = {LIPIcs},
  volume    = {160},
  pages     = {13:1--13:13},
  publisher = {Schloss Dagstuhl - Leibniz-Zentrum f{\"{u}}r Informatik},
  year      = {2020},
  url       = {https://doi.org/10.4230/LIPIcs.SEA.2020.13},
  doi       = {10.4230/LIPIcs.SEA.2020.13},
  timestamp = {Tue, 16 Jun 2020 17:17:56 +0200},
  biburl    = {https://dblp.org/rec/conf/wea/KobayashiHYS20.bib},
  bibsource = {dblp computer science bibliography, https://dblp.org}
}

@inproceedings{DBLP:conf/esws/Vennesland15,
  author    = {Audun Vennesland},
  editor    = {Fabien Gandon and
               Marta Sabou and
               Harald Sack and
               Claudia d'Amato and
               Philippe Cudr{\'{e}}{-}Mauroux and
               Antoine Zimmermann},
  title     = {e-Document Standards as Background Knowledge in Context-Based Ontology
               Matching},
  booktitle = {The Semantic Web. Latest Advances and New Domains - 12th European
               Semantic Web Conference, {ESWC} 2015, Portoroz, Slovenia, May 31 -
               June 4, 2015. Proceedings},
  series    = {Lecture Notes in Computer Science},
  volume    = {9088},
  pages     = {806--816},
  publisher = {Springer},
  year      = {2015},
  url       = {https://doi.org/10.1007/978-3-319-18818-8\_53},
  doi       = {10.1007/978-3-319-18818-8\_53},
  timestamp = {Sat, 19 Oct 2019 20:28:50 +0200},
  biburl    = {https://dblp.org/rec/conf/esws/Vennesland15.bib},
  bibsource = {dblp computer science bibliography, https://dblp.org}
}

@article{DBLP:journals/corr/abs-0907-2209,
  author    = {A. A. Krizhanovsky and
               F. Lin},
  title     = {Related terms search based on WordNet / Wiktionary and its application
               in Ontology Matching},
  journal   = {CoRR},
  volume    = {abs/0907.2209},
  year      = {2009},
  url       = {http://arxiv.org/abs/0907.2209},
  archivePrefix = {arXiv},
  eprint    = {0907.2209},
  timestamp = {Mon, 13 Aug 2018 16:46:26 +0200},
  biburl    = {https://dblp.org/rec/journals/corr/abs-0907-2209.bib},
  bibsource = {dblp computer science bibliography, https://dblp.org}
}

@inproceedings{DBLP:conf/ifip12/LinS08,
  author    = {Feiyu Lin and
               Kurt Sandkuhl},
  editor    = {Max Bramer},
  title     = {A Survey of Exploiting WordNet in Ontology Matching},
  booktitle = {Artificial Intelligence in Theory and Practice II, {IFIP} 20th World
               Computer Congress, {TC} 12: {IFIP} {AI} 2008 Stream, September 7-10,
               2008, Milano, Italy},
  series    = {{IFIP}},
  volume    = {276},
  pages     = {341--350},
  publisher = {Springer},
  year      = {2008},
  url       = {https://doi.org/10.1007/978-0-387-09695-7\_33},
  doi       = {10.1007/978-0-387-09695-7\_33},
  timestamp = {Tue, 26 Jun 2018 14:13:40 +0200},
  biburl    = {https://dblp.org/rec/conf/ifip12/LinS08.bib},
  bibsource = {dblp computer science bibliography, https://dblp.org}
}

@article{DBLP:journals/jucs/LinSX12,
  author    = {Feiyu Lin and
               Kurt Sandkuhl and
               Shoukun Xu},
  title     = {Context-based Ontology Matching: Concept and Application Cases},
  journal   = {J. Univers. Comput. Sci.},
  volume    = {18},
  number    = {9},
  pages     = {1093--1111},
  year      = {2012},
  url       = {https://doi.org/10.3217/jucs-018-09-1093},
  doi       = {10.3217/jucs-018-09-1093},
  timestamp = {Thu, 24 Sep 2020 13:02:42 +0200},
  biburl    = {https://dblp.org/rec/journals/jucs/LinSX12.bib},
  bibsource = {dblp computer science bibliography, https://dblp.org}
}

@phdthesis{DBLP:phd/ethos/Reul12,
  author    = {Quentin Reul},
  title     = {Role of description logic reasoning in ontology matching},
  school    = {University of Aberdeen, {UK}},
  year      = {2012},
  url       = {http://digitool.abdn.ac.uk/webclient/DeliveryManager?pid=186278},
  timestamp = {Mon, 18 Jun 2018 17:33:10 +0200},
  biburl    = {https://dblp.org/rec/phd/ethos/Reul12.bib},
  bibsource = {dblp computer science bibliography, https://dblp.org}
}

@inproceedings{DBLP:conf/esws/Meilicke09,
  author    = {Christian Meilicke},
  editor    = {Lora Aroyo and
               Paolo Traverso and
               Fabio Ciravegna and
               Philipp Cimiano and
               Tom Heath and
               Eero Hyv{\"{o}}nen and
               Riichiro Mizoguchi and
               Eyal Oren and
               Marta Sabou and
               Elena Paslaru Bontas Simperl},
  title     = {The Relevance of Reasoning and Alignment Incoherence in Ontology Matching},
  booktitle = {The Semantic Web: Research and Applications, 6th European Semantic
               Web Conference, {ESWC} 2009, Heraklion, Crete, Greece, May 31-June
               4, 2009, Proceedings},
  series    = {Lecture Notes in Computer Science},
  volume    = {5554},
  pages     = {934--938},
  publisher = {Springer},
  year      = {2009},
  url       = {https://doi.org/10.1007/978-3-642-02121-3\_85},
  doi       = {10.1007/978-3-642-02121-3\_85},
  timestamp = {Mon, 29 Jul 2019 16:00:24 +0200},
  biburl    = {https://dblp.org/rec/conf/esws/Meilicke09.bib},
  bibsource = {dblp computer science bibliography, https://dblp.org}
}

@article{DBLP:journals/ai/PhamTS08,
  author    = {Duc Nghia Pham and
               John Thornton and
               Abdul Sattar},
  title     = {Modelling and solving temporal reasoning as propositional satisfiability},
  journal   = {Artif. Intell.},
  volume    = {172},
  number    = {15},
  pages     = {1752--1782},
  year      = {2008},
  url       = {https://doi.org/10.1016/j.artint.2008.06.003},
  doi       = {10.1016/j.artint.2008.06.003},
  timestamp = {Mon, 26 Oct 2020 09:02:05 +0100},
  biburl    = {https://dblp.org/rec/journals/ai/PhamTS08.bib},
  bibsource = {dblp computer science bibliography, https://dblp.org}
}

@article{DBLP:journals/logcom/MeilickeST09,
  author    = {Christian Meilicke and
               Heiner Stuckenschmidt and
               Andrei Tamilin},
  title     = {Reasoning Support for Mapping Revision},
  journal   = {J. Log. Comput.},
  volume    = {19},
  number    = {5},
  pages     = {807--829},
  year      = {2009},
  url       = {https://doi.org/10.1093/logcom/exn047},
  doi       = {10.1093/logcom/exn047},
  timestamp = {Wed, 25 Sep 2019 17:46:28 +0200},
  biburl    = {https://dblp.org/rec/journals/logcom/MeilickeST09.bib},
  bibsource = {dblp computer science bibliography, https://dblp.org}
}

@inproceedings{DBLP:conf/esws/CastanoFLNM08,
  author    = {Silvana Castano and
               Alfio Ferrara and
               Davide Lorusso and
               Tobias Henrik N{\"{a}}th and
               Ralf M{\"{o}}ller},
  editor    = {Sean Bechhofer and
               Manfred Hauswirth and
               J{\"{o}}rg Hoffmann and
               Manolis Koubarakis},
  title     = {Mapping Validation by Probabilistic Reasoning},
  booktitle = {The Semantic Web: Research and Applications, 5th European Semantic
               Web Conference, {ESWC} 2008, Tenerife, Canary Islands, Spain, June
               1-5, 2008, Proceedings},
  series    = {Lecture Notes in Computer Science},
  volume    = {5021},
  pages     = {170--184},
  publisher = {Springer},
  year      = {2008},
  url       = {https://doi.org/10.1007/978-3-540-68234-9\_15},
  doi       = {10.1007/978-3-540-68234-9\_15},
  timestamp = {Wed, 25 Sep 2019 18:19:49 +0200},
  biburl    = {https://dblp.org/rec/conf/esws/CastanoFLNM08.bib},
  bibsource = {dblp computer science bibliography, https://dblp.org}
}

@inproceedings{DBLP:conf/jist/NguyenI15,
  author    = {Khai Nguyen and
               Ryutaro Ichise},
  editor    = {Guilin Qi and
               Kouji Kozaki and
               Jeff Z. Pan and
               Siwei Yu},
  title     = {Heuristic-Based Configuration Learning for Linked Data Instance Matching},
  booktitle = {Semantic Technology - 5th Joint International Conference, {JIST} 2015,
               Yichang, China, November 11-13, 2015, Revised Selected Papers},
  series    = {Lecture Notes in Computer Science},
  volume    = {9544},
  pages     = {56--72},
  publisher = {Springer},
  year      = {2015},
  url       = {https://doi.org/10.1007/978-3-319-31676-5\_4},
  doi       = {10.1007/978-3-319-31676-5\_4},
  timestamp = {Tue, 14 May 2019 10:00:39 +0200},
  biburl    = {https://dblp.org/rec/conf/jist/NguyenI15.bib},
  bibsource = {dblp computer science bibliography, https://dblp.org}
}

@inproceedings{DBLP:conf/semweb/SvabS06,
  author    = {Ondrej Sv{\'{a}}b and
               Vojtech Sv{\'{a}}tek},
  editor    = {Pavel Shvaiko and
               J{\'{e}}r{\^{o}}me Euzenat and
               Natalya Fridman Noy and
               Heiner Stuckenschmidt and
               V. Richard Benjamins and
               Michael Uschold},
  title     = {Combining Ontology Mapping Methods Using Bayesian Networks},
  booktitle = {Proceedings of the 1st International Workshop on Ontology Matching
               {(OM-2006)} Collocated with the 5th International Semantic Web Conference
               (ISWC-2006), Athens, Georgia, USA, November 5, 2006},
  series    = {{CEUR} Workshop Proceedings},
  volume    = {225},
  publisher = {CEUR-WS.org},
  year      = {2006},
  url       = {http://ceur-ws.org/Vol-225/paper21.pdf},
  timestamp = {Wed, 12 Feb 2020 16:44:50 +0100},
  biburl    = {https://dblp.org/rec/conf/semweb/SvabS06.bib},
  bibsource = {dblp computer science bibliography, https://dblp.org}
}

@inproceedings{DBLP:conf/semweb/TodorovHG13,
  author    = {Konstantin Todorov and
               C{\'{e}}line Hudelot and
               Peter Geibel},
  editor    = {Fernando Bobillo and
               Rommel N. Carvalho and
               Paulo Cesar G. da Costa and
               Claudia d'Amato and
               Nicola Fanizzi and
               Kathryn B. Laskey and
               Kenneth J. Laskey and
               Thomas Lukasiewicz and
               Matthias Nickles and
               Michael Pool},
  title     = {Fuzzy and Cross-Lingual Ontology Matching Mediated by Background Knowledge},
  booktitle = {Uncertainty Reasoning for the Semantic Web {III} - {ISWC} International
               Workshops, {URSW} 2011-2013, Revised Selected Papers},
  series    = {Lecture Notes in Computer Science},
  volume    = {8816},
  pages     = {142--162},
  publisher = {Springer},
  year      = {2014},
  url       = {https://doi.org/10.1007/978-3-319-13413-0\_8},
  doi       = {10.1007/978-3-319-13413-0\_8},
  timestamp = {Tue, 14 May 2019 10:00:53 +0200},
  biburl    = {https://dblp.org/rec/conf/semweb/TodorovHG13.bib},
  bibsource = {dblp computer science bibliography, https://dblp.org}
}

@article{DBLP:journals/ws/SirinPGKK07,
  author    = {Evren Sirin and
               Bijan Parsia and
               Bernardo Cuenca Grau and
               Aditya Kalyanpur and
               Yarden Katz},
  title     = {Pellet: {A} practical {OWL-DL} reasoner},
  journal   = {J. Web Semant.},
  volume    = {5},
  number    = {2},
  pages     = {51--53},
  year      = {2007},
  url       = {https://doi.org/10.1016/j.websem.2007.03.004},
  doi       = {10.1016/j.websem.2007.03.004},
  timestamp = {Tue, 29 Jan 2019 12:27:03 +0100},
  biburl    = {https://dblp.org/rec/journals/ws/SirinPGKK07.bib},
  bibsource = {dblp computer science bibliography, https://dblp.org}
}

@inproceedings{DBLP:conf/cade/TsarkovH06,
  author    = {Dmitry Tsarkov and
               Ian Horrocks},
  editor    = {Ulrich Furbach and
               Natarajan Shankar},
  title     = {FaCT++ Description Logic Reasoner: System Description},
  booktitle = {Automated Reasoning, Third International Joint Conference, {IJCAR}
               2006, Seattle, WA, USA, August 17-20, 2006, Proceedings},
  series    = {Lecture Notes in Computer Science},
  volume    = {4130},
  pages     = {292--297},
  publisher = {Springer},
  year      = {2006},
  url       = {https://doi.org/10.1007/11814771\_26},
  doi       = {10.1007/11814771\_26},
  timestamp = {Tue, 14 May 2019 10:00:39 +0200},
  biburl    = {https://dblp.org/rec/conf/cade/TsarkovH06.bib},
  bibsource = {dblp computer science bibliography, https://dblp.org}
}
